@misc{adq14_manual,
  title = {{ADQ14 Manual}},
  howpublished = "\url{https://www.spdevices.com/documents/user-guides/55-adq14-manual/file}",
  author = {Teledyne Signal Processing Devices Sweden AB},
  note = "[Online; accessed 23-July-2022]"
}
