@INPROCEEDINGS{analog_vs_digital_1998,
  author={Ripamonti, G. and Pullia, A. and Geraci, A.},
  booktitle={IMTC/98 Conference Proceedings. IEEE Instrumentation and Measurement Technology Conference. Where Instrumentation is Going (Cat. No.98CH36222)}, 
  title={Digital vs. analogue spectroscopy: a comparative analysis}, 
  year={1998},
  volume={1},
  number={},
  pages={666-669 vol.1},
  doi={10.1109/IMTC.1998.679876}}
