@misc{codac,
  title = {{CODAC Core System Overview}},
  howpublished = "\url{https://static.iter.org/codac/cs/CODAC_Core_System_Overview_34SDZ5_v7_0.pdf}",
  author = {Lange R.},
  note = "[Online; accessed 23-July-2022]"
}
