@article{detection_cross_correlation,
title = {A correlation-based pulse detection technique for gamma-ray/neutron detectors},
journal = {Nuclear Instruments and Methods in Physics Research Section A: Accelerators, Spectrometers, Detectors and Associated Equipment},
volume = {652},
number = {1},
pages = {479-482},
year = {2011},
note = {Symposium on Radiation Measurements and Applications (SORMA) XII 2010},
issn = {0168-9002},
doi = {https://doi.org/10.1016/j.nima.2010.10.072},
url = {https://www.sciencedirect.com/science/article/pii/S016890021002334X},
author = {Muhammad Faisal and Randolph T. Schiffer and Marek Flaska and Sara A. Pozzi and David D. Wentzloff},
keywords = {Signal processing, Electronics, Data acquisition, Pulse detection}
}
