@article{dpp_walewski,
author = {Walewski, Wojciech and Nowak Vel Nowakowski, Patryk and Makowski, Dariusz},
year = {2022},
month = {06},
pages = {},
title = {Giga-sample Pulse Acquisition and Digital Processing for Photomultiplier Detectors},
volume = {41},
journal = {Journal of Fusion Energy},
doi = {10.1007/s10894-022-00320-0}
}
