@article{first_fission_reactor,
author={Fergusson, Jack E.},
title={The history of the discovery of nuclear fission},
journal={Foundations of Chemistry},
year={2011},
month={Jul},
day={12},
volume={13},
number={2},
pages={145},
issn={1572-8463},
doi={10.1007/s10698-011-9112-2},
url={https://doi.org/10.1007/s10698-011-9112-2}
}

