@techreport{fission_tech_and_current_issues,
title = {Advanced Nuclear Reactors: Technology Overview and Current Issues},
year = {2019},
url = {https://crsreports.congress.gov/product/pdf/R/R45706},
type = "Government Report",
institution = {Congressional Research Service}
}
