@article{fission_problems,
title = {Nuclear energy: Status and future limitations},
journal = {Energy},
volume = {37},
number = {1},
pages = {35-40},
year = {2012},
note = {7th Biennial International Workshop “Advances in Energy Studies”},
issn = {0360-5442},
doi = {https://doi.org/10.1016/j.energy.2011.05.040},
url = {https://www.sciencedirect.com/science/article/pii/S0360544211003653},
author = {Michael Dittmar},
keywords = {Nuclear energy, Fusion illusions, Uranium peak, Uranium supply shortages}
}
