@article{fusion_history,
author={Barbarino, Matteo},
title={A brief history of nuclear fusion},
journal={Nature Physics},
year={2020},
month={09},
day={01},
volume={16},
number={9},
pages={890-893},
issn={1745-2481},
doi={10.1038/s41567-020-0940-7},
url={https://doi.org/10.1038/s41567-020-0940-7}
}

