@article{fusion_fuel_running_out,
  title     = "Fusion power may run out of fuel before it even gets started",
  publisher = "American Association for the Advancement of Science (AAAS)",
  month     =  jun,
  year      =  2022,
  journal = {Science},
  volume = 376,
  doi = {10.1126/science.add5489},
  author = {Daniel Clery}
}
