@article{fusion_records,
  title     = "Nuclear-fusion reactor smashes energy record",
  author    = "Gibney, Elizabeth",
  journal   = "Nature",
  publisher = "Springer Science and Business Media LLC",
  volume    =  602,
  number    =  7897,
  pages     = "371",
  month     =  feb,
  year      =  2022,
  keywords  = "Energy; Nuclear physics",
  language  = "en"
}
