@article{global_climate_change,
  title={Global climate change and greenhouse effect},
  author={Mikhaylov, Alexey and Moiseev, Nikita and Aleshin, Kirill and Burkhardt, Thomas},
  journal={Entrepreneurship and Sustainability Issues},
  volume={7},
  number={4},
  pages={2897},
  year={2020}
}