@ARTICLE{hxrm_jet,
  title     = "Hard X-ray bremsstrahlung of relativistic runaway electrons in
               {JET}",
  author    = "Plyusnin, V V and Kiptily, V G and Shevelev, A E and
               Khilkevitch, E M and Gerasimov, S and Mlynar, J",
  journal   = "J. Instrum.",
  publisher = "IOP Publishing",
  volume    =  14,
  number    =  09,
  pages     = "C09042--C09042",
  month     =  sep,
  year      =  2019,
  doi       = {https://doi.org/10.1088/1748-0221/14/09/C09042},
  copyright = "http://iopscience.iop.org/page/copyright"
}
