@article{hybrid_nuclear_renewable,
title = {Hybrid nuclear-renewable energy systems: A review},
journal = {Journal of Cleaner Production},
volume = {181},
pages = {166-177},
year = {2018},
issn = {0959-6526},
doi = {https://doi.org/10.1016/j.jclepro.2018.01.262},
url = {https://www.sciencedirect.com/science/article/pii/S0959652618302993},
author = {Siddharth Suman},
keywords = {Renewable, Nuclear, Solar, Energy, Climate, Sustainability}
}
