@book{ipcc2018,
author = {IPCC, and Masson-Delmotte, Valerie and Zhai, P. and Pörtner, Hans-Otto and Roberts, Debra and Skea, Jim and Shukla, P. and Pirani, Anna and Moufouma-Okia, Wilfran and Péan, C. and Pidcock, R. and Connors, Sarah and Matthews, Robin and Chen, Y. and Zhou, X. and Gomis, Melissa and Lonnoy, E. and Maycock, T. and Tignor, M. and Tabatabaei, MuhammadReza},
year = {2018},
month = {12},
pages = {},
title = {Global warming of 1.5°C. An IPCC Special Report on the impacts of global warming of 1.5°C above pre-industrial levels and related global greenhouse gas emission pathways, in the context of strengthening the global response to the threat of climate change, sustainable development, and efforts to eradicate poverty},
isbn = {9781009157957},
doi = {10.1017/9781009157940}
}