
@misc{iter_website,
  title = {{ITER - the way to new energy}},
  author = {ITER},
  howpublished = "\url{https://www.iter.org/}",
  note = "[Online; accessed 22-July-2022]"
}
