@misc{iter_data_throughput,
  title = {{ Archiving 20 Gigabytes per Second and Making it Usable }},
  author = {Pat Brans},
  institution = {ITER},
  howpublished = "\url{https://www.iter.org/newsline/-/3585}",
  note = "[Online; accessed 22-July-2022]"
}
