
@misc{iter_re_melt,
  title = {{Generating runaway electrons in JET to benefit ITER}},
  author = {ITER},
  howpublished = "\url{https://www.iter.org/newsline/-/2234}",
  note = "[Online; accessed 22-July-2022]"
}
