@misc{iter_realtime_processing,
  title = {{Ensuring real-time distributed computing at ITER}},
  howpublished = "\url{ https://www.iter.org/newsline/-/3599 }",
  author = {ITER},
  note = "[Online; accessed 22-July-2022]"
}
