@misc{iter_timeline,
  title = {{On the road to ITER: milestones}},
  howpublished = "\url{https://www.iter.org/proj/itermilestones}",
  author = {ITER},
  note = "[Online; accessed 22-July-2022]"
}
