@misc{iter_diagnostics_count,
  title = {{Diagnostics}},
  author = {ITER},
  howpublished = "\url{https://www.iter.org/mach/Diagnostics}",
  note = "[Online; accessed 22-July-2022]"
}
