@techreport{iter_hxrm_ddd,
author = {O'Connor, R. and Kadi, J. and Pandya, S.},
year = {2021},
month = {05},
title = {System Design Description (DDD) 55.EE Hard X-Ray Monitor (H/He-Phase)}
}
