@article{iter_delays,
  title     = "More Delays for ITER, as Partners Balk at Costs",
  author    = "Clery, Daniel and Cho, Adrian",
  abstract  = "Review warns that new timeline could still be too optimistic.",
  journal   = "Science",
  publisher = "American Association for the Advancement of Science (AAAS)",
  volume    =  352,
  number    =  6286,
  pages     = "636-637",
  month     =  may,
  year      =  2016,
  language  = "en"
}
