@article{jordanov_trapezoidal,
title = {Digital techniques for real-time pulse shaping in radiation measurements},
journal = {Nuclear Instruments and Methods in Physics Research Section A: Accelerators, Spectrometers, Detectors and Associated Equipment},
volume = {353},
number = {1},
pages = {261-264},
year = {1994},
issn = {0168-9002},
doi = {https://doi.org/10.1016/0168-9002(94)91652-7},
url = {https://www.sciencedirect.com/science/article/pii/0168900294916527},
author = {Valentin T. Jordanov and Glenn F. Knoll and Alan C. Huber and John A. Pantazis}
}