@ARTICLE{kstar_upgrade,
  author={Kwak, Jong-Gu and Rhee, T. and Han, H. and Kang, J. S. and Bak, J. G. and Ahn, H. J. and Nam, Y. U. and Kim, H. S. and Kim, M. and Ko, W. H. and Yoon, S. W. and Kim, W. C. and Park, K. R.},
  journal={IEEE Transactions on Plasma Science}, 
  title={KSTAR Status and Upgrade Plan Toward Fusion Reactor}, 
  year={2020},
  volume={48},
  number={6},
  pages={1388-1395},
  doi={10.1109/TPS.2020.2964776}}
