@book{limits_to_growth,
  title={The Limits to Growth: A Report for the Club of Rome's Project on the Predicament of Mankind},
  author={Meadows, D.H. and Club of Rome Staff and Meadows, D.L. and Club of Rome and Club of Rome. Project on the Predicament of Mankind and Club de Rome and Soci{\'e}t{\'e} canadienne d'enseignement postscolaire and Universe Books and Randers, J. and Potomac Associates and others},
  number={pkt 1},
  isbn={9780876631652},
  lccn={75323749},
  series={(A Signet classic)},
  url={https://books.google.pl/books?id=w\_9dAAAAIAAJ},
  year={1972},
  publisher={Universe Books}
}
