@inproceedings{low_noise_amplifier_for_pmt,
  author={Nowak vel Nowakowski, Patryk and Makowski, Dariusz and Mielczarek, Aleksander},
  booktitle={2021 28th International Conference on Mixed Design of Integrated Circuits and System}, 
  title={Low-noise Amplifier for Photomultiplier Tube Detectors for Plasma Diagnostics}, 
  year={2021},
  volume={},
  number={},
  pages={69-73},
  doi={10.23919/MIXDES52406.2021.9497532}}
