@article{massive_gas_injection,
author = {D'Elia,Gerardo  and Frattolillo,Antonio  and Bucci,Massimiliano  and Gravanti,Filippo },
title = {Preliminary study of a fast massive gas injection system for plasma disruption mitigation},
journal = {Journal of Vacuum Science \& Technology B},
volume = {36},
number = {1},
pages = {01A103},
year = {2018},
doi = {10.1116/1.4996069},

URL = { 
        https://doi.org/10.1116/1.4996069
    
},
eprint = { 
        https://doi.org/10.1116/1.4996069
    
}

}


