@article{mca_fpga,
title = {Digital Multi-Channel analyzer for detection and analysis of radiation in nuclear spectroscopy},
journal = {Materials Today: Proceedings},
volume = {38},
pages = {3160-3167},
year = {2021},
note = {International Conference \& Exposition on Mechanical, Material and Manufacturing Technology (ICE3MT)},
issn = {2214-7853},
doi = {https://doi.org/10.1016/j.matpr.2020.09.580},
url = {https://www.sciencedirect.com/science/article/pii/S2214785320372965},
author = {Esther Rani Thuraka and Racha Ganesh and Dudi {Bhanu Prakash} and P. Sreekanth and P. {Rajitha Reddy} and M. Likhita},
keywords = {Nuclear spectroscopy, Analog to digital converter, Multi-Channel analyzer, Pulse height analysis, Hardware description language, Field programmable gate array}
}
