@ARTICLE{mwd,
  author={Georgiev, A. and Gast, W. and Lieder, R.M.},
  journal={IEEE Transactions on Nuclear Science}, 
  title={An analog-to-digital conversion based on a moving window deconvolution}, 
  year={1994},
  volume={41},
  number={4},
  pages={1116-1124},
  doi={10.1109/23.322868}}
