@misc {nowakowski_future_hxrm,
	keywords = {self},
	Title = {PMT Signal Transmission for Hard X-Ray Diagnostics of Future Tokamaks},
	Author = {Nowakowski, Patryk Nowak vel and Makowski, Dariusz and Walewski, Wojciech},
	DOI = {10.21203/rs.3.rs-1529765/v1},
	Publisher = {Research Square},
	Year = {2022},
	URL = {https://doi.org/10.21203/rs.3.rs-1529765/v1}
}


