@article{nuclear_fusion_status,
title = {Nuclear fusion: Status report and future prospects},
journal = {Energy Policy},
volume = {96},
pages = {770-778},
year = {2016},
issn = {0301-4215},
doi = {https://doi.org/10.1016/j.enpol.2016.05.037},
url = {https://www.sciencedirect.com/science/article/pii/S0301421516302658},
author = {Jef Ongena and Yuichi Ogawa},
keywords = {Magnetic fusion, Inertial fusion, Sustainable energy}
}
