@article{pileup_correction,
title = {A comparison study of the pile-up correction algorithms},
journal = {Nuclear Instruments and Methods in Physics Research Section A: Accelerators, Spectrometers, Detectors and Associated Equipment},
volume = {951},
pages = {163013},
year = {2020},
issn = {0168-9002},
doi = {https://doi.org/10.1016/j.nima.2019.163013},
url = {https://www.sciencedirect.com/science/article/pii/S0168900219313804},
author = {Mohammad-Reza Mohammadian-Behbahani and Shahyar Saramad},
keywords = {High-yield pile-up event recovery (HYPER), Maximum likelihood estimation (MLE), Single event reconstruction (SER), Template matching (TM)}
}
