@misc{pmt_datasheet,
  title = {{Hamamatsu R11265U Datasheet}},
  howpublished = "\url{https://www.hamamatsu.com/content/dam/hamamatsu-photonics/sites/documents/99_SALES_LIBRARY/etd/R11265U_H11934_TPMH1336E.pdf}",
  author = {Hamamatsu},
  note = "[Online; accessed 23-July-2022]"
}
