@article{pmt_gain,
author = {Freitas, Elisabete and Fernandes, Luis and Yahlali, N. and Perez, Joey and Alvarez, Vicente and Borges, F.I.G.M. and Camargo, Marcos and Cárcel, Sara and Cebrián, S. and Cervera, A. and Conde, Carlos and Dafni, Theopisti and Díaz, José and Esteve, R. and Ferrario, Paola and Ferreira, Antonio and Gehman, V.M. and Goldschmidt, A. and Gomez, Hector and Monteiro, Cristina},
year = {2015},
month = {02},
pages = {C02039-C02039},
title = {PMT calibration of a scintillation detector using primary scintillation},
volume = {10},
journal = {Journal of Instrumentation},
doi = {10.1088/1748-0221/10/02/C02039}
}
