@incollection{pmts_basics,
title = {RAMAN SPECTROSCOPY | Instrumentation},
editor = {Paul Worsfold and Alan Townshend and Colin Poole},
booktitle = {Encyclopedia of Analytical Science (Second Edition)},
publisher = {Elsevier},
edition = {Second Edition},
address = {Oxford},
pages = {94-104},
year = {2005},
isbn = {978-0-12-369397-6},
doi = {https://doi.org/10.1016/B0-12-369397-7/00529-X},
url = {https://www.sciencedirect.com/science/article/pii/B012369397700529X},
author = {M.J. Pelletier and C.C. Pelletier}
}
