@article{pulse_processing_methods,
title = {Comparative analysis of digital pulse processing methods at high count rates},
journal = {Nuclear Instruments and Methods in Physics Research Section A: Accelerators, Spectrometers, Detectors and Associated Equipment},
volume = {736},
pages = {88-98},
year = {2014},
issn = {0168-9002},
doi = {https://doi.org/10.1016/j.nima.2013.10.023},
url = {https://www.sciencedirect.com/science/article/pii/S0168900213013697},
author = {J. Kamleitner and S. Coda and S. Gnesin and Ph. Marmillod},
keywords = {Digital, Pulse detection, Signal processing, Spectrometer, CdTe}
}
