@article{renewable_problems,
title = {Some problems in storing renewable energy},
journal = {Energy Policy},
volume = {110},
pages = {386-393},
year = {2017},
issn = {0301-4215},
doi = {https://doi.org/10.1016/j.enpol.2017.07.061},
url = {https://www.sciencedirect.com/science/article/pii/S0301421517304925},
author = {Ted Trainer},
keywords = {Energy storage, Renewable energy}
}
