@article{structural_materials_fusion,
title = {Structural materials for fission \& fusion energy},
journal = {Materials Today},
volume = {12},
number = {11},
pages = {12-19},
year = {2009},
issn = {1369-7021},
doi = {https://doi.org/10.1016/S1369-7021(09)70294-9},
url = {https://www.sciencedirect.com/science/article/pii/S1369702109702949},
author = {Steven J. Zinkle and Jeremy T. Busby},
}
