@article{tokamak_vs_stellarator,
author = {Xu,Yuhong },
title = {A general comparison between tokamak and stellarator plasmas},
journal = {Matter and Radiation at Extremes},
volume = {1},
number = {4},
pages = {192-200},
year = {2016},
doi = {10.1016/j.mre.2016.07.001},

URL = { 
        https://aip.scitation.org/doi/abs/10.1016/j.mre.2016.07.001
    
},
eprint = { 
        https://aip.scitation.org/doi/pdf/10.1016/j.mre.2016.07.001
    
}

}


