
@misc{w7x_website,
  title = {{Wendelstein 7-X | Max-Planck-Institut f√ºr Plasmaphysik}},
  howpublished = "\url{https://www.ipp.mpg.de/w7x}",
  note = "[Online; accessed 22-July-2022]"
}
