@misc{why_pmt_need_amplifiers,
  title = {{Why Photomultipliers Need Amplifiers}},
  howpublished = "\url{https://www.photonics.com/Articles/Why_Photomultipliers_Need_Amplifiers/a14120}",
  author = { A.G. Wright},
  note = "[Online; accessed 23-July-2022]"
}
