@misc{xilinx_what_is_fpga,
  title = {{What is an FPGA? Field Programmable Gate Array}},
  author = {Xilinx},
  howpublished = "\url{https://www.xilinx.com/products/silicon-devices/fpga/what-is-an-fpga.html}",
  note = "[Online; accessed 23-July-2022]"
}
